<record><leader>00000cas a2200000 a 4500</leader><controlfield tag="001">20683566</controlfield><controlfield tag="008">891121d18611866orudn ne      0   a0eng c</controlfield><datafield ind1=" " ind2=" " tag="010"><subfield code="a">sn 89055266 </subfield></datafield><datafield ind1=" " ind2=" " tag="040"><subfield code="a">NVB</subfield><subfield code="b">eng</subfield><subfield code="c">NVB</subfield><subfield code="d">CNK</subfield><subfield code="d">MGN</subfield><subfield code="d">OCL</subfield><subfield code="d">ORU</subfield><subfield code="d">OCLCQ</subfield><subfield code="d">ORU</subfield><subfield code="d">DLC</subfield><subfield code="d">OCLCF</subfield><subfield code="d">DLC</subfield></datafield><datafield ind1="0" ind2=" " tag="022"><subfield code="a">2333-1372</subfield><subfield code="2">1</subfield></datafield><datafield ind1=" " ind2=" " tag="042"><subfield code="a">pcc</subfield><subfield code="a">nsdp</subfield></datafield><datafield ind1=" " ind2=" " tag="043"><subfield code="a">n-us-or</subfield></datafield><datafield ind1="0" ind2="0" tag="050"><subfield code="a">Newspaper</subfield></datafield><datafield ind1="0" ind2="0" tag="082"><subfield code="a">071</subfield><subfield code="2">23</subfield></datafield><datafield ind1="0" ind2=" " tag="130"><subfield code="a">Daily mountaineer (Dalles, Or.)</subfield></datafield><datafield ind1=" " ind2="4" tag="222"><subfield code="a">The daily mountaineer</subfield><subfield code="b">(Dalles, Or. Print)</subfield></datafield><datafield ind1="1" ind2="4" tag="245"><subfield code="a">The daily mountaineer.</subfield></datafield><datafield ind1=" " ind2=" " tag="260"><subfield code="a">Dalles, Or. :</subfield><subfield code="b">William H. Newell,</subfield><subfield code="c">[1861-1866]</subfield></datafield><datafield ind1=" " ind2=" " tag="300"><subfield code="a">v.</subfield></datafield><datafield ind1=" " ind2=" " tag="310"><subfield code="a">Daily (except. Sun.),</subfield><subfield code="b">May 16, 1866-June 16, 1866</subfield></datafield><datafield ind1=" " ind2=" " tag="321"><subfield code="a">Daily (except. Mon.),</subfield><subfield code="b">&lt;Nov. 20, 1862&gt;-May 15, 1866</subfield></datafield><datafield ind1="1" ind2=" " tag="362"><subfield code="a">Began in 1861.</subfield></datafield><datafield ind1="0" ind2=" " tag="362"><subfield code="a">-v. 7, no. 102 (June 16, 1866).</subfield></datafield><datafield ind1=" " ind2=" " tag="500"><subfield code="a">Publishers: W.H. Newell, 1861-Sept. 1865; Cowne &amp; Halloran, Nov. 1865-June. 1866.</subfield></datafield><datafield ind1=" " ind2=" " tag="500"><subfield code="a">Editors: W. Newell, 1861-Sept. 1865; E.G. Cowne and J. Halloran, Nov. 1865-Feb. 1866.</subfield></datafield><datafield ind1=" " ind2=" " tag="530"><subfield code="a">Archived issues are available in digital format as part of the Historic Oregon Newspaper online collection.</subfield></datafield><datafield ind1=" " ind2=" " tag="530"><subfield code="a">Archived issues are available in digital format as part of the Library of Congress Chronicling America online collection.</subfield></datafield><datafield ind1=" " ind2=" " tag="580"><subfield code="a">Weekly ed.: Weekly mountaineer.</subfield></datafield><datafield ind1=" " ind2=" " tag="588"><subfield code="a">Description based on: Vol. 1, no. 89 (Nov. 20, 1862).</subfield></datafield><datafield ind1=" " ind2="0" tag="651"><subfield code="a">Dalles (Or.)</subfield><subfield code="v">Newspapers.</subfield></datafield><datafield ind1=" " ind2="0" tag="651"><subfield code="a">Oregon, Eastern</subfield><subfield code="v">Newspapers.</subfield></datafield><datafield ind1=" " ind2="7" tag="651"><subfield code="a">Oregon</subfield><subfield code="z">Dalles.</subfield><subfield code="2">fast</subfield><subfield code="0">(OCoLC)fst01218827</subfield></datafield><datafield ind1=" " ind2="7" tag="651"><subfield code="a">Oregon, Eastern.</subfield><subfield code="2">fast</subfield><subfield code="0">(OCoLC)fst01692690</subfield></datafield><datafield ind1=" " ind2="7" tag="655"><subfield code="a">Newspapers.</subfield><subfield code="2">fast</subfield><subfield code="0">(OCoLC)fst01423814</subfield></datafield><datafield ind1=" " ind2=" " tag="752"><subfield code="a">United States</subfield><subfield code="b">Oregon</subfield><subfield code="c">Wasco</subfield><subfield code="d">Dalles.</subfield></datafield><datafield ind1="0" ind2=" " tag="775"><subfield code="t">Weekly mountaineer</subfield><subfield code="w">(DLC)sn 83025135</subfield><subfield code="w">(OCoLC)9266953</subfield></datafield><datafield ind1="0" ind2="8" tag="776"><subfield code="i">Online version:</subfield><subfield code="t">Daily mountaineer (Dalles, Or. : Online)</subfield><subfield code="x">2333-1380</subfield><subfield code="w">(DLC)  2013271909</subfield><subfield code="w">(OCoLC)862978116</subfield></datafield><datafield ind1="4" ind2="1" tag="856"><subfield code="u">http://oregonnews.uoregon.edu/lccn/sn89055266/</subfield></datafield><datafield ind1="4" ind2="1" tag="856"><subfield code="u">http://www.loc.gov/chroniclingamerica/lccn/sn89055266/issues</subfield></datafield></record>